@article{Weitzel2012,
author = {Weitzel, Matthias},
file = {:Users/jonassekamane/Dropbox/Economics/Courses/E12/BA2/Articles/Germany/weitzel.pdf:pdf},
issn = {03014215},
journal = {Energy Policy},
month = may,
pages = {485--486},
title = {{Comment on “Comparing the feed-in tariff incentives for renewable electricity in Ontario and Germany” by Mabee, Mannion, and Carpenter}},
volume = {44},
year = {2012}
}
@misc{TheInstituteforFiscalStudies2012,
author = {{The Institute for Fiscal Studies}},
file = {:Users/jonassekamane/Dropbox/Economics/Courses/E12/BA2/Data/The Institute for Fiscal Studies/climate.txt:txt},
title = {{Rates of climate change levy since its introduction}},
url = {http://www.ifs.org.uk/fiscalFacts/taxTables},
urldate = {24. October 2012},
year = {2012}
}
@misc{TheCentralElectoralCommissionoftheRepublicofLithuania2012,
author = {{The Central Electoral Commission of the Republic of Lithuania}},
month = jul,
number = {60},
title = {{Election to the Seimas and the Referendum on the Construction of a New Nuclear Power Plant in the Republic of Lithuania}},
url = {http://www.vrk.lt/2012\_seimo\_rinkimai/output\_en/referendumas/referendumas.html},
volume = {15},
year = {2012}
}
@misc{StatistischesBundesamt2012,
author = {{Statistisches Bundesamt}},
title = {{WZ08-47 Einzelhandel (ohne Handel mit Kraftfahrzeugen):}},
year = {2012}
}
@techreport{Balance2012,
author = {{Statistics Lithuania}},
file = {:Users/jonassekamane/Dropbox/Economics/Courses/E12/BA2/Data/Statistics Lithuania/Energy\_Balance\_\_2011\_2099.pdf:pdf},
institution = {Statistics Lithuania},
pages = {1--53},
title = {{Energy Balance 2011}},
year = {2012}
}
@techreport{Balances2006,
author = {{Statistics Lithuania}},
file = {:Users/jonassekamane/Dropbox/Economics/Courses/E12/BA2/Data/Statistics Lithuania/Energy\_balances\_2001-2005\_\_464.pdf:pdf},
institution = {Statistics Lithuania},
pages = {1--112},
title = {{Vilnius 2006}},
year = {2006}
}
@inproceedings{Paper2004,
author = {Sawin, Janet L},
booktitle = {International Conference for Renewable Energies, Bonn},
file = {:Users/jonassekamane/Dropbox/Economics/Courses/E12/BA2/Articles/Sawin.pdf:pdf},
number = {January},
pages = {1--52},
title = {{Policy Lessons for the Advancement \& Diffusion of Renewable Energy Technogies Around the World}},
year = {2004}
}
@techreport{Rathmann2003,
abstract = {In the frame of the Regional Baltic Wind Energy Programme, sponsored by the Global Environment Facility through the UNDP, a publicly available wind resource database for the wind-energy relevant areas of the Baltic Countries has been established. A 2-year measure- ment campaign has been performed based on 7 stations in the coastal area: the 3 Lithuanian sites Kretinga, Vilkyciai and Taurage; the Latvian site S\"{a}rnate; and the 3 Estonian sites Prangli, Virtsu and Uulu. In addition, private data measured at the Estonian site T\"{u}risalu was made available to the project. Although the campaign was running for about two years it was only possible to get one full one- year data series for each site with start time ranging from primo May 2001 to primo October 2001. The measured data have been analysed according to the “Wind Atlas Method”, implying cleansing the wind data for nearby terrain effects, and resulting in regional wind climates or Wind Atlases referring to a number of standard conditions. To the extent possible measures have been taken to make the regional wind climates represent long-term wind statistics (> 10 year). This was done by using correlation techniques based on reference data from met-institute stations with long-term records as well as data for the short-term measurement period of the present campaign. Similarly, inter-comparison techniques were used to adjust for data fall-out for longer unbroken periods. The data from this project have been supplemented by in-land data from measuring stations of the three national meteorological institutes. All relevant data files regarding the 8 stations of the project will be available from the wind atlas web of Ris\o National Laboratory: www.windatlas.dk - with the exception of the private data measured at T\"{u}risalu.},
author = {RIS\O},
file = {:Users/jonassekamane/Dropbox/Economics/Courses/E12/BA2/Articles/Lithuania/ris\o\_r\_1402.pdf.pdf:pdf},
institution = {Ris\o National Laboratory},
isbn = {8755032044},
keywords = {COASTAL REGIONS,ESTONIA,LATVIA,LITHUANIA,MAPPING,RESOURCE ASSESSMENT,WIND},
number = {November},
pages = {1--36},
title = {{The UNDP / GEF Baltic Wind Atlas}},
volume = {1402},
year = {2003}
}
@techreport{Ofgem2004,
author = {Ofgem},
file = {:Users/jonassekamane/Dropbox/Economics/Courses/E12/BA2/Data/ofgem/6193-renewables\_obligation.pdf:pdf},
number = {February},
pages = {1--65},
title = {{The Renewables Obligation Ofgem’s first annual report}},
year = {2004}
}
@techreport{Reform2008,
author = {Ofgem},
file = {:Users/jonassekamane/Dropbox/Economics/Courses/E12/BA2/Data/ofgem/Annual report 2006-07.pdf:pdf},
number = {March},
pages = {1--91},
title = {{Renewables Obligation : Annual report 2006-2007}},
year = {2008}
}
@techreport{Ofgem1998,
author = {Ofgem},
file = {:Users/jonassekamane/Dropbox/Economics/Courses/E12/BA2/Articles/UK/Fifth Renewable Order for England and Wales 30 09.pdf:pdf},
number = {September},
title = {{Fifth Renewables Order for Englang And Wales}},
year = {1998}
}
@techreport{Report2010,
author = {Ofgem},
file = {:Users/jonassekamane/Dropbox/Economics/Courses/E12/BA2/Data/ofgem/Renewables Obligation Annual Report 2010-11.pdf:pdf},
pages = {1--70},
title = {{Renewables Obligation Annual Report 2010-11}},
year = {2012}
}
@techreport{Change2011,
author = {Ofgem},
file = {:Users/jonassekamane/Dropbox/Economics/Courses/E12/BA2/Articles/UK/FITs Annual Report 2010 2011.pdf:pdf},
institution = {Ofgem},
isbn = {2010033117215},
pages = {1--43},
title = {{Feed-in Tariff ( FIT ): Annual report 2010 - 2011}},
year = {2011}
}
@article{OfficeforNationalStatistics,
author = {{Office for National Statistics}},
title = {{Consumer Price Indices - RPI indices 1987 to 2012: Jan 1987=100 (MM23)}},
year = {2012}
}
@misc{Non-FossilPurchasingAgency2012,
author = {{Non-Fossil Purchasing Agency}},
file = {:Users/jonassekamane/Dropbox/Economics/Courses/E12/BA2/Data/NFPA/eroc\_roc-auction-prices.txt:txt},
title = {{Track Record / ROC Auction prices}},
url = {http://www.e-roc.co.uk/trackrecord.htm},
urldate = {24. October 2012},
year = {2012}
}
@misc{Non-FossilPurchasingAgency2007,
author = {{Non-Fossil Purchasing Agency}},
file = {:Users/jonassekamane/Dropbox/Economics/Courses/E12/BA2/Data/NFPA/nfpa\_average-NFFO-prices.txt:txt},
title = {{Average NFFO auction prices}},
url = {http://www.nfpa.co.uk/index.cfm?pid=33},
year = {2007}
}
@techreport{Lietuvos2009,
author = {{National Control Commission for Prices and Energy}},
file = {:Users/jonassekamane/Dropbox/Economics/Courses/E12/BA2/Articles/Lithuania/monitoringo\_ataskaita\_2009.pdf:pdf},
pages = {1--7},
title = {{Elektros energijos rinka 2009 m. (Electricity market 2009)}},
year = {2009}
}
@misc{Kontrol2006,
author = {{National Control Commission for Prices and Energy}},
file = {:Users/jonassekamane/Dropbox/Economics/Courses/E12/BA2/Data/NCC/Ataskaita EK uz 2005 metus.pdf:pdf},
pages = {1--79},
title = {{Lietuvos elektros energijos ir gamtinių dujų rinkų metinė ataskaita europos komisijai (Lithuanian electricity and natural gas market annual report to European Comission)}},
year = {2006}
}
@misc{NationalControlCommissionforPricesandEnergy2011a,
author = {{National Control Commission for Prices and Energy}},
file = {:Users/jonassekamane/Dropbox/Economics/Courses/E12/BA2/Articles/\_Laws/FIT.doc:doc},
pages = {1--12},
title = {{Dėl elektros energijos, pagamintos naudojant atsinaujinan\v{c}ius energijos i\v{s}teklius, tarifų nustatymo metodikos patvirtinimo (Tariff methodology for electricity produced using renewable energy resources)}},
year = {2011}
}
@misc{NationalControlCommissionforPricesandEnergy2011,
author = {{National Control Commission for Prices and Energy}},
file = {:Users/jonassekamane/Dropbox/Economics/Courses/E12/BA2/Articles/\_Laws/Auction.DOCX:DOCX},
pages = {1--11},
title = {{Nutarimas dėl skatinimo kvotų paskirstymo aukcionų nuostatų patvirtinimo (Act on support quote distribution auctions)}},
year = {2011}
}
@misc{NationalControlCommissionforPricesandEnergy2012,
author = {{National Control Commission for Prices and Energy}},
title = {{List of manufactures}},
url = {http://www.regula.lt/lt/elektra/gamintojai/gamintojai\_1.php},
urldate = {2. November 2012},
year = {2012}
}
@misc{NationalControlCommissionforPricesandEnergy2012a,
author = {{National Control Commission for Prices and Energy}},
title = {{Feed-in tariff rates}},
year = {2012}
}
@article{Mitchell2000,
author = {Mitchell, Catherine},
file = {:Users/jonassekamane/Dropbox/Economics/Courses/E12/BA2/Articles/UK/mitchell.pdf:pdf},
journal = {Annual review of energy and the environment},
keywords = {The first phase of promoting renewable energy in E,consolidation,deployment,regulation,so these have influenced those of the United Kingd,sustainable energy,the United Kingdom is in the process of creating a,they have been impressed by the results of the Eng},
mendeley-tags = {The first phase of promoting renewable energy in E,so these have influenced those of the United Kingd,the United Kingdom is in the process of creating a,they have been impressed by the results of the Eng},
pages = {285--312},
title = {{The England and Wales non-fossil fuel obligation: history and lessons}},
volume = {35},
year = {2000}
}
@misc{MinistryofEnergyoftheRepublicofLithuania2012,
author = {{Ministry of Energy of the Republic of Lithuania}},
title = {{Visagino atominė elektrinė (Visaginas Nuclear Power Plant)}},
url = {http://www.enmin.lt/lt/activity/veiklos\_kryptys/strateginiai\_projektai/vae.php?clear\_cache=Y},
year = {2012}
}
@techreport{Baltic2011,
author = {Mar\v{c}iukaitis, Mantas},
file = {:Users/jonassekamane/Dropbox/Economics/Courses/E12/BA2/Articles/Lithuania/marciukaitis\_Wind energy obstacles and related recommendations\_LT.pdf:pdf},
institution = {South Baltic Program},
pages = {1--14},
title = {{Exemplary study on national legal problems and obstacles for wind power development in Lithuania}},
year = {2011}
}
@article{Lauber2004,
author = {Lauber, Volkmar and Mez, Lutz},
file = {:Users/jonassekamane/Dropbox/Economics/Courses/E12/BA2/Articles/Germany/lauber\_mez\_Three decades of renewable electricity policy in Germany.pdf:pdf},
issn = {0958-305X},
journal = {Energy \& Environment},
keywords = {after the first oil,crisis,decade and a half,difficult beginnings,exclusively in the promotion,feed-in tariff,for about a,from,germany,germany began in 1974,of research,renewable energy,renewable energy policy in,this policy consisted almost},
month = jul,
number = {4},
pages = {599--623},
title = {{Three Decades of Renewable Electricity Policies in Germany}},
volume = {15},
year = {2004}
}
@article{Streimikiene2007,
author = {Klevas, Valentinas and \v{S}treimikienė, Dalia},
file = {:Users/jonassekamane/Dropbox/Economics/Courses/E12/BA2/Articles/Lithuania/streimikiene\_klevas.pdf:pdf},
issn = {13640321},
journal = {Renewable and Sustainable Energy Reviews},
keywords = {energy,enhance use of renewable,policies and measures to,promotion of renewable energy,sources},
month = may,
number = {4},
pages = {672--687},
title = {{Promotion of renewable energy in Baltic States}},
volume = {11},
year = {2007}
}
@article{Katinas2001,
abstract = {The article outlines renewable energy (RE) resources according to the energy e\$ciency policy in Lithuania as well as practical experience of implementation of RE projects within the framework of the National Energy E\$ciency Programme. The main goals of the programme are to reduce the import of energy resources, to improve environment conditions and to reduce the climate change impact. Analysis of implemented RE projects and forecasts for the future projects are also presented. The use of biomass (wood chips, processing wastes, sawdust, straw, etc.), biogas, as well as small-scale hydro energy sources is increasing in Lithuania. Quite a few plants utilising renewable energy resources were constructed within the framework of co-operation with European Union countries (Sweden, Denmark, German, etc.) along with the establishment of joint companies for production of equipment, facilities, etc. Recently a few pilot projects utilising geothermal, wind, solar and land"ll gas energy have been started. Lithuania expected to make an important contribution to reach the goals set by the European Commission's White Paper on RES (increasing the share of renewables in the overall energy balance up to 12\% by 2010).  2001 Elsevier Science Ltd. All rights reserved.},
author = {Katinas, Vladislovas and \v{S}kėma, Romualdas},
file = {:Users/jonassekamane/Dropbox/Economics/Courses/E12/BA2/Articles/Lithuania/katinas\_skema.pdf:pdf},
journal = {Energy Policy},
keywords = {Implemented projects,Prospects of RE usage,RE sources},
pages = {811--816},
title = {{Renewable energy policy in Lithuania}},
volume = {29},
year = {2001}
}
@article{Katinas2006,
author = {Katinas, Vladislovas and Markevi\v{c}ius, Antanas},
file = {:Users/jonassekamane/Dropbox/Economics/Courses/E12/BA2/Articles/Lithuania/katinas\_markevicius.pdf:pdf},
issn = {03014215},
journal = {Energy Policy},
keywords = {lithuania,promotional policy,re sources},
month = may,
number = {7},
pages = {771--780},
title = {{Promotional policy and perspectives of usage renewable energy in Lithuania}},
volume = {34},
year = {2006}
}
@article{Marciukaitis2008,
abstract = {Wind power is not widely used in Lithuania yet. Currently only few small-scale wind turbines with total capacity of 0.995MW are operating. However, Lithuania is planning to install wind power plants with total capacity of 200MW by the year 2010. In this paper, wind energy resource assessment experience as well as current situation and future prospective of wind energy usage in Lithuania are reviewed. Main features of Lithuanian electrical system are presented and issues related to wind energy integration in electrical networks are discussed. The aim of this work is to point up the importance of wind power prediction in Lithuania. Thus a short review of wind power prediction methods is presented which has shown that selection of most suitable prediction models for Lithuanian conditions requires detailed research. r 2006 Elsevier Ltd. All rights reserved.},
author = {Katinas, Vladislovas and Kavaliauskas, Andrius and Mar\v{c}iukaitis, Mantas},
file = {:Users/jonassekamane/Dropbox/Economics/Courses/E12/BA2/Articles/Lithuania/marciukaitis\_katinas\_kavaliauskas.pdf:pdf},
issn = {13640321},
journal = {Renewable and Sustainable Energy Reviews},
keywords = {Electricity,Numerical weather prediction,Wind energy,Wind power prediction},
month = jan,
number = {1},
pages = {265--277},
title = {{Wind power usage and prediction prospects in Lithuania}},
volume = {12},
year = {2008}
}
@techreport{Katinas2008,
author = {Katinas, Vladislovas},
file = {:Users/jonassekamane/Dropbox/Economics/Courses/E12/BA2/Articles/Lithuania/21\_AEI\_studija.pdf:pdf},
institution = {Lietuvos Energetikos Institutas},
pages = {1--128},
title = {{Energijos gamybos apimčių i\v{s} atsinaujinančių energijos i\v{s}teklių 2008–2025 m. studijos parengimas (Study of renewable energy resources 2008–2025)}},
year = {2008}
}
@book{Policies,
author = {{International Energy Agency}},
file = {:Users/jonassekamane/Dropbox/Economics/Courses/E12/BA2/Articles/IEA\_deployingrenewables2008.pdf:pdf},
isbn = {9789264042209},
pages = {1--198},
publisher = {IEA Publications},
title = {{Deploying Renewables - Principles for Effective Policies}},
year = {2008}
}
@misc{IntercontinentalExchange2012,
author = {IntercontinentalExchange},
file = {:Users/jonassekamane/Dropbox/Economics/Courses/E12/BA2/Data/ICE/ICE-ECX European Emissions Index.txt:txt},
title = {{ICE-ECX European Emissions - Emissions Index}},
url = {https://www.theice.com/marketdata/reports/ReportCenter.shtml?reportId=82\&productId=390\&hubId=564\#report/82/reportId=82\&productId=390\&hubId=564},
urldate = {7. November 2012},
year = {2012}
}
@unpublished{Fhg-isi2003,
author = {Huber, Claus and Ragwitz, Mario and Resch, Gustav and White, Sara},
file = {:Users/jonassekamane/Dropbox/Economics/Courses/E12/BA2/Articles/WP1 - Dynamic cost-resource curves (Green-X)(final draft 09-2003).pdf:pdf},
institution = {Green X},
number = {August},
pages = {1--174},
title = {{Deriving Optimal Promotion Strategies for Increasing the Share of RES-E in a Dynamic European Electricity Market}},
year = {2003}
}
@unpublished{Grogg,
abstract = {Alternative energy sources have become much more necessary as fossil fuels are depleted and pollute the environment. Wind energy is one of the most cost effective of all types of renewable energy. It does not create pollution or waste and the fuel, wind, is not used faster than it is produced. However, to make wind a viable source of energy—electricity in particular— careful design of wind-capturing machines is necessary. A variety of principles of physics are used to create wind turbines that can efficiently capture energy from the wind. This paper discusses the wind and how the parts of a wind turbine—blades, rotor, gears, generator, and electronics—operate to capture wind energy and turn it into electricity. Focus is given to horizontal axis wind turbines (HAWT), the most common and efficient type of wind energy conversion device.},
author = {Grogg, Kira},
file = {:Users/jonassekamane/Dropbox/Economics/Courses/E12/BA2/Articles/Grogg.pdf:pdf},
pages = {1--41},
title = {{Harvesting the Wind : The Physics of Wind Turbines}},
year = {2005}
}
@misc{GovermentoftheRepublicofLithuania2011,
author = {{Goverment of the Republic of Lithuania}},
file = {:Users/jonassekamane/Dropbox/Economics/Courses/E12/BA2/Articles/\_Laws/dok398874.pdf:pdf},
number = {Xi},
pages = {1--66},
title = {{Renewable Energy Law}},
year = {2011}
}
@misc{Seimas2012,
author = {{Goverment of the Republic of Lithuania}},
pages = {1--33},
title = {{The National Energy Independence Strategy}},
url = {http://www3.lrs.lt/pls/inter3/dokpaieska.showdoc\_l?p\_id=432271},
year = {2012}
}
@misc{GovermentoftheRepublicofLithuania2007,
author = {{Goverment of the Republic of Lithuania}},
file = {:Users/jonassekamane/Dropbox/Economics/Courses/E12/BA2/Articles/\_Laws/N\_1474\_atsi\_en.doc:doc},
pages = {1--9},
title = {{Procedure for the Promotion of Generation and Purchange of Electricty Generated from Renewable Energy Sources}},
year = {2007}
}
@article{Miskinis2011,
author = {Galinis, Arvydas and Konstantinavi\v{c}iūtė, Inga and Mi\v{s}kinis, Vaclovas and Norvai\v{s}a, Egidijus},
file = {:Users/jonassekamane/Dropbox/Economics/Courses/E12/BA2/Articles/Lithuania/miskinis\_norvaisa\_galinis\_konstantinaviciute.pdf:pdf},
issn = {03014215},
journal = {Energy Policy},
keywords = {distributed energy resources,distributed generation,lithuanian energy policy},
month = aug,
number = {8},
pages = {4656--4663},
title = {{Trends of distributed generation development in Lithuania}},
volume = {39},
year = {2011}
}
@techreport{EWEA2011,
author = {EWEA},
file = {:Users/jonassekamane/Dropbox/Economics/Courses/E12/BA2/Data/EWEA/Wind-energy-targets\_Pure\_Power\_III.pdf:pdf},
pages = {1--97},
title = {{Pure Power - Wind energy targets for 2020 and 2030}},
year = {2011}
}
@misc{Mw2005,
author = {EWEA},
file = {:Users/jonassekamane/Dropbox/Economics/Courses/E12/BA2/Data/EWEA/2005statistics.pdf:pdf},
number = {December},
pages = {1},
title = {{Wind Power Installed in Europe by End of 2005 (Cumulative)}},
url = {http://www.ewea.org/fileadmin/ewea\_documents/documents/publications/statistics/2005statistics.pdf},
volume = {2005},
year = {2006}
}
@misc{EWEA2010,
author = {EWEA},
file = {:Users/jonassekamane/Dropbox/Economics/Courses/E12/BA2/Data/EWEA/cumulative\_wind\_per\_ms\_1998\_2009\_ws.txt:txt},
title = {{Cumulative installed capacity per EU Member State 1998}},
url = {http://www.ewea.org/fileadmin/ewea\_documents/documents/statistics/cumulative\_wind\_per\_ms\_1998\_2009\_ws.xls},
year = {2010}
}
@misc{EUROSTAT2012a,
author = {EUROSTAT},
title = {nrg\_1072a, prc\_hicp\_aind, ert\_bil\_eur\_a, nrg\_113a, and sts\_inppgr\_a},
year = {2012}
}
@misc{Commission2009,
author = {{European Commission}},
file = {:Users/jonassekamane/Dropbox/Economics/Courses/E12/BA2/Articles/Lithuania/2008\_08\_21\_frequently\_asked\_questions\_on\_inpp.pdf:pdf},
number = {November 2007},
pages = {1--5},
title = {{FAQ on Ignalina Nuclear Power Plant for public affairs}},
url = {http://ec.europa.eu/lietuva/documents/skelbimai/2008\_08\_21\_frequently\_asked\_questions\_on\_inpp.pdf},
year = {2008}
}
@article{Katinas2008a,
author = {Erlickytė, Regina and Katinas, Vladislovas and Markevi\v{c}ius, Antanas and Mar\v{c}iukaitis, Mantas},
file = {:Users/jonassekamane/Dropbox/Economics/Courses/E12/BA2/Articles/Lithuania/katinas\_markevicius\_erlickyte\_marciukaitis.pdf:pdf},
issn = {03014215},
journal = {Energy Policy},
keywords = {electricity production,renewable energy sources},
month = oct,
number = {10},
pages = {3686--3691},
title = {{Governmental policy and prospect in electricity production from renewables in Lithuania}},
volume = {36},
year = {2008}
}
@article{Marciukaitis2010,
abstract = {Planuojama, kad 2010 m. vėjo elektrinių parkų bendra įrengtoji galia Lietuvoje pasieks 200 MW. Did\v{z}iausią dalį vėjo elektrinių parkų numatoma įrengti Lietuvos pajūryje, kur vėjo i\v{s}tekliai yra did\v{z}iausi. Iki \v{s}iol vėjo energijos i\v{s}tekliai Lietuvoje buvo vertinami pagal atliktus pavienius vėjo grei\v{c}io matavimus bei meteorologijos sto\v{c}ių duomenis. Lietuvoje spar\v{c}iai populiarėjant vėjo energetikai, reikalingi sistemingi fundamentiniai vėjo energijos i\v{s}teklių kaitos tyrimai, ypa\v{c} pajūrio regione, kur numatyta įrengti daugiausia vėjo elektrinių parkų. \v{S}iame darbe atlikta vėjo grei\v{c}io ir krypties matavimo 2001–2002 m. duomenų Giruliuose, prie Kretingos, Vilky\v{c}ių ir Tauragės statistinė analizė, i\v{s}analizuoti \v{s}ių parametrų kitimo dėsningumai bei nustatytas vėjo grei\v{c}io pasiskirstymas Lietuvos pajūrio regione. Nustatyta, kad įvairiose Lietuvos pajūrio regio- no vietovėse vėjo jėgainių vėjara\v{c}io auk\v{s}tyje vėjingumo sąlygos yra pana\v{s}ios, o vėjo parametrų kitimo dėsningumus labiausiai lemia atstumas nuo jūros ir pajūrio topografija. Dėl pakrantės topografijos poveikio vidutinis nuo jūros pu\v{c}ian\v{c}io vėjo greitis 100 m auk\v{s}tyje 20 km atstumu nuo pakrantės suma\v{z}ėja apie 22 \%, lyginant su vėjo grei\v{c}iu ties jūros pakrante. Rakta\v{z}od\v{z}iai: atsinaujinantieji energijos i\v{s}tekliai, vėjo energija, vėjo jėgainės},
author = {Erlickytė-Mar\v{c}iukaitienė, Regina and Mar\v{c}iukaitis, Mantas and Tumosa, Algis},
file = {:Users/jonassekamane/Dropbox/Economics/Courses/E12/BA2/Articles/Lithuania/marciukaitis\_erlickyte-marciukaitiene\_tumosa.pdf:pdf},
journal = {Energetika},
number = {1},
pages = {27--34},
title = {{Vėjo grei\v{c}io kitimo dėsningumų Lietuvos pajūrio regione tyrimas (Research on wind speed consistency in Lithuania's Coastal region)}},
volume = {55},
year = {2009}
}
@techreport{Priority2005,
author = {Drozdz, Jolanta and Jazepcikas, Darius and Malcolm, John},
file = {:Users/jonassekamane/Dropbox/Economics/Courses/E12/BA2/Articles/Lithuania/CEECAP report 1 section 1 LITHUANIA.pdf:pdf},
pages = {1--9},
title = {{Monitoring of Agricultural Policy, Market and Trade Development in Lithuania}},
year = {2005}
}
@article{Wood2011,
author = {Dow, Stephen and Wood, Geoffrey},
file = {:Users/jonassekamane/Dropbox/Economics/Courses/E12/BA2/Articles/UK/wood\_dow.pdf:pdf},
issn = {03014215},
journal = {Energy Policy},
month = may,
number = {5},
pages = {2228--2244},
title = {{What lessons have been learned in reforming the Renewables Obligation? An analysis of internal and external failures in UK renewable energy policy}},
volume = {39},
year = {2011}
}
@techreport{Paper2012,
author = {Defra and DECC},
file = {:Users/jonassekamane/Dropbox/Economics/Courses/E12/BA2/Data/Department of Energy and Climate Change/pb13792-emission-factor-methodology-paper-120706.pdf:pdf},
number = {July},
pages = {1--85},
title = {{2012 Guidelines to Defra/DECC’s GHG Conversion Factors for Company Reporting: Methodology Paper for Emission Factors}},
year = {2012}
}
@article{Mitchell2004,
author = {Connor, Peter and Mitchell, Catherine},
file = {:Users/jonassekamane/Dropbox/Economics/Courses/E12/BA2/Articles/UK/mitchell\_connor.pdf:pdf},
issn = {03014215},
journal = {Energy Policy},
keywords = {innovation,learning,renewables obligation},
month = nov,
number = {17},
pages = {1935--1947},
title = {{Renewable energy policy in the UK 1990–2003}},
volume = {32},
year = {2004}
}
@techreport{December2008,
author = {{Committe on Climate Change}},
file = {:Users/jonassekamane/Dropbox/Economics/Courses/E12/BA2/Articles/TSO-ClimateChange.pdf:pdf},
isbn = {9780117039292},
number = {December},
pages = {1--480},
title = {{Building a low-carbon economy – the UK’s contribution to tackling climate change}},
year = {2008}
}
@article{Streimikiene2008,
author = {\v{C}iegis, Remigijus and Grundey, Dainora and \v{S}treimikienė, Dalia},
file = {:Users/jonassekamane/Dropbox/Economics/Courses/E12/BA2/Articles/Lithuania/streimikiene\_ciegis\_grundey.pdf:pdf},
issn = {13640321},
journal = {Renewable and Sustainable Energy Reviews},
keywords = {efficiency,energy efficiency,measures to promote energy},
month = apr,
number = {3},
pages = {772--789},
title = {{Promotion of energy efficiency in Lithuania}},
volume = {12},
year = {2008}
}
@article{Butler2008,
author = {Butler, Lucy and Neuhoff, Karsten},
file = {:Users/jonassekamane/Dropbox/Economics/Courses/E12/BA2/Articles/butler\_neuhoff.pdf:pdf},
issn = {09601481},
journal = {Renewable Energy},
keywords = {barriers,instrument comparison,level of competition,renewable deployment},
month = aug,
number = {8},
pages = {1854--1867},
title = {{Comparison of feed-in tariff, quota and auction mechanisms to support wind power development}},
volume = {33},
year = {2008}
}
@unpublished{Butler,
author = {Butler, Lucy and Neuhoff, Karsten},
file = {:Users/jonassekamane/Dropbox/Economics/Courses/E12/BA2/Articles/\_outdated/ep70.pdf:pdf},
institution = {University of Cambridge, Department of Applies Economics},
pages = {1--35},
title = {{Comparison of Feed in Tariff, Quota and Auction Mechanisms to Support Wind Power Development}},
year = {2004}
}
@article{Streimikiene2005,
author = {Burneikis, Juozas and Punys, Petras and \v{S}treimikienė, Dalia},
file = {:Users/jonassekamane/Dropbox/Economics/Courses/E12/BA2/Articles/Lithuania/Streimikiene\_burneikis\_punys.pdf:pdf},
issn = {13640321},
journal = {Renewable and Sustainable Energy Reviews},
keywords = {measures to enhance use,of renewables,renewable energy source},
month = feb,
number = {1},
pages = {29--49},
title = {{Review of renewable energy use in Lithuania}},
volume = {9},
year = {2005}
}
@misc{Bundestag2004,
author = {{Bundesministeriums f\"{u}r Umwelt Naturschutz und Reaktorsicherheit}},
file = {:Users/jonassekamane/Dropbox/Economics/Courses/E12/BA2/Articles/\_Laws/EEG/eeg\_2004.pdf:pdf},
number = {40},
pages = {1--27},
title = {{Renewable Energy Sources Act, EEG 2004}},
volume = {2003},
year = {2004}
}
@misc{Gazette2012,
author = {{Bundesministeriums f\"{u}r Umwelt Naturschutz und Reaktorsicherheit}},
file = {:Users/jonassekamane/Dropbox/Economics/Courses/E12/BA2/Articles/\_Laws/EEG/eeg\_2012\_en\_bf.pdf:pdf},
pages = {1--89},
title = {{Renewable Energy Sources Act, EEG 2012}},
year = {2012}
}
@misc{Energy2010,
author = {{Bundesministeriums f\"{u}r Umwelt Naturschutz und Reaktorsicherheit}},
file = {:Users/jonassekamane/Dropbox/Economics/Courses/E12/BA2/Articles/\_Laws/EEG/eeg\_2009\_en\_bf.pdf:pdf},
number = {October 2008},
pages = {1--58},
title = {{Renewable Energy Sources Act, EEG 2009}},
year = {2009}
}
@misc{Energy2001,
author = {{Bundesministeriums f\"{u}r Umwelt Naturschutz und Reaktorsicherheit}},
file = {:Users/jonassekamane/Dropbox/Economics/Courses/E12/BA2/Articles/\_Laws/EEG/eeg\_2000\_res-act.pdf:pdf},
issn = {0038092X},
month = jan,
number = {6},
pages = {1--29},
title = {{Renewable Energy Sources Act, EEG 2000}},
volume = {70},
year = {2000}
}
@article{Mitchell2006,
author = {Bauknecht, D. and Connor, P.M. and Mitchell, C.},
file = {:Users/jonassekamane/Dropbox/Economics/Courses/E12/BA2/Articles/mitchell\_bauknecht\_connor.pdf:pdf},
isbn = {4402476524985},
issn = {03014215},
journal = {Energy Policy},
keywords = {delivery,renewables,risk},
month = feb,
number = {3},
pages = {297--305},
title = {{Effectiveness through risk reduction: a comparison of the renewable obligation in England and Wales and the feed-in system in Germany}},
volume = {34},
year = {2006}
}
@misc{Baltpool2012,
author = {Baltpool},
file = {:Users/jonassekamane/Dropbox/Economics/Courses/E12/BA2/Data/Baltpool/2010-01-01 - 2012-11-10 parsiuntimo laikas 15-15-21.txt:txt},
title = {{Electricity trade data}},
url = {http://www.baltpool.lt/lt/eb-prekybos-duomenys},
urldate = {9. November 2012},
year = {2012}
}
@misc{DanishWindIndustryAssociation2012,
author = {{Danish Wind Industry Association}},
title = {{Wind speeds \& energy}},
url = {http://wiki.windpower.org/index.php/Wind\_speeds\_\%26\_energy},
year = {2012}
}
