%% This BibTeX bibliography file was created using BibDesk.
%% http://bibdesk.sourceforge.net/


%% Created for Jonas Sekamane at 2012-11-15 04:02:39 +0100 


%% Saved with string encoding Unicode (UTF-8) 



@misc{Baltpool2012,
	Author = {Baltpool},
	File = {:Users/jonassekamane/Dropbox/Economics/Courses/E12/BA2/Data/Baltpool/2010-01-01 - 2012-11-10 parsiuntimo laikas 15-15-21.txt:txt},
	Title = {{Electricity trade data}},
	Url = {http://www.baltpool.lt/lt/eb-prekybos-duomenys},
	Urldate = {9. November 2012},
	Year = {2012},
	Bdsk-Url-1 = {http://www.baltpool.lt/lt/eb-prekybos-duomenys}}

@misc{Gazette2012,
	Author = {{Bundesministeriums f\"{u}r Umwelt Naturschutz und Reaktorsicherheit}},
	File = {:Users/jonassekamane/Dropbox/Economics/Courses/E12/BA2/Articles/\_Laws/EEG/eeg\_2012\_en\_bf.pdf:pdf},
	Pages = {1--89},
	Title = {{Renewable Energy Sources Act, EEG 2012}},
	Year = {2012}}

@misc{Bundestag2004,
	Author = {{Bundesministeriums f\"{u}r Umwelt Naturschutz und Reaktorsicherheit}},
	File = {:Users/jonassekamane/Dropbox/Economics/Courses/E12/BA2/Articles/\_Laws/EEG/eeg\_2004.pdf:pdf},
	Number = {40},
	Pages = {1--27},
	Title = {{Renewable Energy Sources Act, EEG 2004}},
	Volume = {2003},
	Year = {2004}}

@misc{Energy2010,
	Author = {{Bundesministeriums f\"{u}r Umwelt Naturschutz und Reaktorsicherheit}},
	File = {:Users/jonassekamane/Dropbox/Economics/Courses/E12/BA2/Articles/\_Laws/EEG/eeg\_2009\_en\_bf.pdf:pdf},
	Number = {October 2008},
	Pages = {1--58},
	Title = {{Renewable Energy Sources Act, EEG 2009}},
	Year = {2009}}

@misc{Energy2001,
	Author = {{Bundesministeriums f\"{u}r Umwelt Naturschutz und Reaktorsicherheit}},
	Doi = {10.1016/S0038-092X(00)00144-4},
	File = {:Users/jonassekamane/Dropbox/Economics/Courses/E12/BA2/Articles/\_Laws/EEG/eeg\_2000\_res-act.pdf:pdf},
	Issn = {0038092X},
	Month = jan,
	Number = {6},
	Pages = {1--29},
	Title = {{Renewable Energy Sources Act, EEG 2000}},
	Volume = {70},
	Year = {2000},
	Bdsk-Url-1 = {http://dx.doi.org/10.1016/S0038-092X(00)00144-4}}

@article{Butler2008,
	Author = {Butler, Lucy and Neuhoff, Karsten},
	Doi = {10.1016/j.renene.2007.10.008},
	File = {:Users/jonassekamane/Dropbox/Economics/Courses/E12/BA2/Articles/butler\_neuhoff.pdf:pdf},
	Issn = {09601481},
	Journal = {Renewable Energy},
	Keywords = {barriers,instrument comparison,level of competition,renewable deployment},
	Month = aug,
	Number = {8},
	Pages = {1854--1867},
	Title = {{Comparison of feed-in tariff, quota and auction mechanisms to support wind power development}},
	Url = {http://linkinghub.elsevier.com/retrieve/pii/S0960148107003242},
	Volume = {33},
	Year = {2008},
	Bdsk-Url-1 = {http://linkinghub.elsevier.com/retrieve/pii/S0960148107003242},
	Bdsk-Url-2 = {http://dx.doi.org/10.1016/j.renene.2007.10.008}}

@unpublished{Butler,
	Author = {Butler, Lucy and Neuhoff, Karsten},
	File = {:Users/jonassekamane/Dropbox/Economics/Courses/E12/BA2/Articles/\_outdated/ep70.pdf:pdf},
	Institution = {University of Cambridge, Department of Applies Economics},
	Pages = {1--35},
	Title = {{Comparison of Feed in Tariff, Quota and Auction Mechanisms to Support Wind Power Development}},
	Year = {2004}}

@techreport{December2008,
	Author = {{Committe on Climate Change}},
	File = {:Users/jonassekamane/Dropbox/Economics/Courses/E12/BA2/Articles/TSO-ClimateChange.pdf:pdf},
	Isbn = {9780117039292},
	Number = {December},
	Pages = {1--480},
	Title = {{Building a low-carbon economy -- the UK's contribution to tackling climate change}},
	Year = {2008}}

@techreport{Paper2012,
	Author = {Defra and DECC},
	File = {:Users/jonassekamane/Dropbox/Economics/Courses/E12/BA2/Data/Department of Energy and Climate Change/pb13792-emission-factor-methodology-paper-120706.pdf:pdf},
	Number = {July},
	Pages = {1--85},
	Title = {{2012 Guidelines to Defra / DECC ' s GHG Conversion Factors for Company Reporting: Methodology Paper for Emission Factors}},
	Year = {2012}}

@misc{Commission2009,
	Author = {{European Commission}},
	File = {:Users/jonassekamane/Dropbox/Economics/Courses/E12/BA2/Articles/Lithuania/2008\_08\_21\_frequently\_asked\_questions\_on\_inpp.pdf:pdf},
	Number = {November 2007},
	Pages = {1--5},
	Title = {{FAQ on Ignalina Nuclear Power Plant for public affairs}},
	Url = {http://ec.europa.eu/lietuva/documents/skelbimai/2008\_08\_21\_frequently\_asked\_questions\_on\_inpp.pdf},
	Year = {2008},
	Bdsk-Url-1 = {http://ec.europa.eu/lietuva/documents/skelbimai/2008%5C_08%5C_21%5C_frequently%5C_asked%5C_questions%5C_on%5C_inpp.pdf}}

@misc{EUROSTAT2012,
	Author = {EUROSTAT},
	Title = {{Infrastructure - electricity - annual data (nrg\_113a)}},
	Year = {2012}}

@misc{EUROSTAT2012a,
	Author = {EUROSTAT},
	Title = {{Supply, transformation, consumption - renewables (hydro, wind, photovoltaic) - annual data (nrg\_1072a)}},
	Year = {2012}}

@misc{EUROSTAT2012b,
	Author = {EUROSTAT},
	Title = {{Industry producer prices index - annual data - percentage change (NACE Rev. 2) (sts\_inppgr\_a)}},
	Year = {2012}}

@misc{EUROSTAT2012c,
	Author = {EUROSTAT},
	Title = {{Euro/ECU exchange rates - annual data (ert\_bil\_eur\_a)}},
	Year = {2012}}

@misc{EUROSTAT2012d,
	Author = {EUROSTAT},
	Title = {{HICP (2005 = 100) - annual data (average index and rate of change) (prc\_hicp\_aind)}},
	Year = {2012}}

@misc{EWEA2010,
	Author = {EWEA},
	File = {:Users/jonassekamane/Dropbox/Economics/Courses/E12/BA2/Data/EWEA/cumulative\_wind\_per\_ms\_1998\_2009\_ws.txt:txt},
	Title = {{Cumulative installed capacity per EU Member State 1998}},
	Url = {http://www.ewea.org/fileadmin/ewea\_documents/documents/statistics/cumulative\_wind\_per\_ms\_1998\_2009\_ws.xls},
	Year = {2010},
	Bdsk-Url-1 = {http://www.ewea.org/fileadmin/ewea%5C_documents/documents/statistics/cumulative%5C_wind%5C_per%5C_ms%5C_1998%5C_2009%5C_ws.xls}}

@misc{Mw2005,
	Author = {EWEA},
	File = {:Users/jonassekamane/Dropbox/Economics/Courses/E12/BA2/Data/EWEA/2005statistics.pdf:pdf},
	Number = {December},
	Pages = {1},
	Title = {{WIND POWER INSTALLED IN EUROPE BY END OF 2005 ( CUMULATIVE )}},
	Url = {http://www.ewea.org/fileadmin/ewea\_documents/documents/publications/statistics/2005statistics.pdf},
	Volume = {2005},
	Year = {2006},
	Bdsk-Url-1 = {http://www.ewea.org/fileadmin/ewea%5C_documents/documents/publications/statistics/2005statistics.pdf}}

@techreport{EWEA2011,
	Author = {EWEA},
	File = {:Users/jonassekamane/Dropbox/Economics/Courses/E12/BA2/Data/EWEA/Wind-energy-targets\_Pure\_Power\_III.pdf:pdf},
	Pages = {1--97},
	Title = {{Pure Power - Wind energy targets for 2020 and 2030}},
	Year = {2011}}

@misc{GovermentoftheRepublicofLithuania2007,
	Author = {{Goverment of the Republic of Lithuania}},
	File = {:Users/jonassekamane/Dropbox/Economics/Courses/E12/BA2/Articles/\_Laws/N\_1474\_atsi\_en.doc:doc},
	Pages = {1--9},
	Title = {{Procedure for the Promotion of Generation and Purchange of Electricty Generated from Renewable Energy Sources}},
	Year = {2007}}

@misc{GovermentoftheRepublicofLithuania2011,
	Author = {{Goverment of the Republic of Lithuania}},
	File = {:Users/jonassekamane/Dropbox/Economics/Courses/E12/BA2/Articles/\_Laws/dok398874.pdf:pdf},
	Number = {Xi},
	Pages = {1--66},
	Title = {{Renewable Energy Lay}},
	Year = {2011}}

@misc{Seimas2012,
	Author = {{Goverment of the Republic of Lithuania}},
	File = {:Users/jonassekamane/Dropbox/Economics/Courses/E12/BA2/Articles/\_Laws/Lietuvos Respublikos Seimas - Dokumento tekstas.pdf:pdf},
	Pages = {1--33},
	Title = {{The National Energy Independence Strategy}},
	Url = {http://www3.lrs.lt/pls/inter3/dokpaieska.showdoc\_l?p\_id=432271},
	Year = {2012},
	Bdsk-Url-1 = {http://www3.lrs.lt/pls/inter3/dokpaieska.showdoc%5C_l?p%5C_id=432271}}

@unpublished{Grogg,
	Abstract = {Alternative energy sources have become much more necessary as fossil fuels are depleted and pollute the environment. Wind energy is one of the most cost effective of all types of renewable energy. It does not create pollution or waste and the fuel, wind, is not used faster than it is produced. However, to make wind a viable source of energy---electricity in particular--- careful design of wind-capturing machines is necessary. A variety of principles of physics are used to create wind turbines that can efficiently capture energy from the wind. This paper discusses the wind and how the parts of a wind turbine---blades, rotor, gears, generator, and electronics---operate to capture wind energy and turn it into electricity. Focus is given to horizontal axis wind turbines (HAWT), the most common and efficient type of wind energy conversion device.},
	Author = {Grogg, Kira},
	File = {:Users/jonassekamane/Dropbox/Economics/Courses/E12/BA2/Articles/Grogg.pdf:pdf},
	Pages = {1--41},
	Title = {{Harvesting the Wind : The Physics of Wind Turbines}},
	Year = {2005}}

@misc{IntercontinentalExchange2012,
	Author = {IntercontinentalExchange},
	File = {:Users/jonassekamane/Dropbox/Economics/Courses/E12/BA2/Data/ICE/ICE-ECX European Emissions Index.txt:txt},
	Title = {{ICE-ECX European Emissions - Emissions Index}},
	Url = {https://www.theice.com/marketdata/reports/ReportCenter.shtml?reportId=82\&productId=390\&hubId=564\#report/82/reportId=82\&productId=390\&hubId=564},
	Urldate = {7. November 2012},
	Year = {2012},
	Bdsk-Url-1 = {https://www.theice.com/marketdata/reports/ReportCenter.shtml?reportId=82%5C&productId=390%5C&hubId=564%5C#report/82/reportId=82%5C&productId=390%5C&hubId=564}}

@book{Policies,
	Author = {{International Energy Agency}},
	File = {:Users/jonassekamane/Dropbox/Economics/Courses/E12/BA2/Articles/IEA\_deployingrenewables2008.pdf:pdf},
	Isbn = {9789264042209},
	Pages = {1--198},
	Publisher = {IEA Publications},
	Title = {{Deploying Renewables - Principles for Effective Policies}},
	Year = {2008}}

@techreport{Priority2005,
	Author = {Jazepcikas, Darius and Drozdz, Jolanta and Malcolm, John},
	File = {:Users/jonassekamane/Dropbox/Economics/Courses/E12/BA2/Articles/Lithuania/CEECAP report 1 section 1 LITHUANIA.pdf:pdf},
	Number = {513705},
	Pages = {1--9},
	Title = {{Monitoring of Agricultural Policy, Market and Trade Development in Lithuania}},
	Year = {2005}}

@techreport{Katinas2008,
	Author = {Katinas, Vladislovas},
	File = {:Users/jonassekamane/Dropbox/Economics/Courses/E12/BA2/Articles/Lithuania/21\_AEI\_studija.pdf:pdf},
	Institution = {Lietuvos Energetikos Institutas},
	Pages = {1--128},
	Title = {{Energijos gamybos apim{\v c}i{\k u} i\v{s} atsinaujinan{\v c}i{\k u} energijos i\v{s}tekli{\k u} 2008--2025 m. studijos parengimas}},
	Year = {2008}}

@article{Katinas2006,
	Author = {Katinas, Vladislovas and Markevicius, Antanas},
	Doi = {10.1016/j.enpol.2004.07.011},
	File = {:Users/jonassekamane/Dropbox/Economics/Courses/E12/BA2/Articles/Lithuania/katinas\_markevicius.pdf:pdf},
	Issn = {03014215},
	Journal = {Energy Policy},
	Keywords = {lithuania,promotional policy,re sources},
	Month = may,
	Number = {7},
	Pages = {771--780},
	Title = {{Promotional policy and perspectives of usage renewable energy in Lithuania}},
	Url = {http://linkinghub.elsevier.com/retrieve/pii/S0301421504002253},
	Volume = {34},
	Year = {2006},
	Bdsk-Url-1 = {http://linkinghub.elsevier.com/retrieve/pii/S0301421504002253},
	Bdsk-Url-2 = {http://dx.doi.org/10.1016/j.enpol.2004.07.011}}

@article{Katinas2008a,
	Author = {Katinas, Vladislovas and Markevicius, Antanas and Erlickyte, Regina and Marciukaitis, Mantas},
	Doi = {10.1016/j.enpol.2008.06.035},
	File = {:Users/jonassekamane/Dropbox/Economics/Courses/E12/BA2/Articles/Lithuania/katinas\_markevicius\_erlickyte\_marciukaitis.pdf:pdf},
	Issn = {03014215},
	Journal = {Energy Policy},
	Keywords = {electricity production,renewable energy sources},
	Month = oct,
	Number = {10},
	Pages = {3686--3691},
	Title = {{Governmental policy and prospect in electricity production from renewables in Lithuania}},
	Url = {http://linkinghub.elsevier.com/retrieve/pii/S0301421508003406},
	Volume = {36},
	Year = {2008},
	Bdsk-Url-1 = {http://linkinghub.elsevier.com/retrieve/pii/S0301421508003406},
	Bdsk-Url-2 = {http://dx.doi.org/10.1016/j.enpol.2008.06.035}}

@article{Katinas2001,
	Abstract = {The article outlines renewable energy (RE) resources according to the energy e\$ciency policy in Lithuania as well as practical experience of implementation of RE projects within the framework of the National Energy E\$ciency Programme. The main goals of the programme are to reduce the import of energy resources, to improve environment conditions and to reduce the climate change impact. Analysis of implemented RE projects and forecasts for the future projects are also presented. The use of biomass (wood chips, processing wastes, sawdust, straw, etc.), biogas, as well as small-scale hydro energy sources is increasing in Lithuania. Quite a few plants utilising renewable energy resources were constructed within the framework of co-operation with European Union countries (Sweden, Denmark, German, etc.) along with the establishment of joint companies for production of equipment, facilities, etc. Recently a few pilot projects utilising geothermal, wind, solar and land"ll gas energy have been started. Lithuania expected to make an important contribution to reach the goals set by the European Commission's White Paper on RES (increasing the share of renewables in the overall energy balance up to 12\% by 2010).  2001 Elsevier Science Ltd. All rights reserved.},
	Author = {Katinas, Vladislovas and Skema, Romualdas},
	File = {:Users/jonassekamane/Dropbox/Economics/Courses/E12/BA2/Articles/Lithuania/katinas\_skema.pdf:pdf},
	Journal = {Energy Policy},
	Keywords = {Implemented projects,Prospects of RE usage,RE sources},
	Pages = {811--816},
	Title = {{Renewable energy policy in Lithuania}},
	Volume = {29},
	Year = {2001}}

@article{Lauber2004,
	Author = {Lauber, Volkmar and Mez, Lutz},
	Doi = {10.1260/0958305042259792},
	File = {:Users/jonassekamane/Dropbox/Economics/Courses/E12/BA2/Articles/Germany/lauber\_mez\_Three decades of renewable electricity policy in Germany.pdf:pdf},
	Issn = {0958-305X},
	Journal = {Energy \& Environment},
	Keywords = {after the first oil,crisis,decade and a half,difficult beginnings,exclusively in the promotion,feed-in tariff,for about a,from,germany,germany began in 1974,of research,renewable energy,renewable energy policy in,this policy consisted almost},
	Month = jul,
	Number = {4},
	Pages = {599--623},
	Title = {{Three Decades of Renewable Electricity Policies in Germany}},
	Url = {http://multi-science.metapress.com/openurl.asp?genre=article\&id=doi:10.1260/0958305042259792},
	Volume = {15},
	Year = {2004},
	Bdsk-Url-1 = {http://multi-science.metapress.com/openurl.asp?genre=article%5C&id=doi:10.1260/0958305042259792},
	Bdsk-Url-2 = {http://dx.doi.org/10.1260/0958305042259792}}

@techreport{Baltic2011,
	Author = {Marciukaitis, Mantas},
	File = {:Users/jonassekamane/Dropbox/Economics/Courses/E12/BA2/Articles/Lithuania/marciukaitis\_Wind energy obstacles and related recommendations\_LT.pdf:pdf},
	Institution = {South Baltic Program},
	Pages = {1--14},
	Title = {{Exemplary study on national legal problems and obstacles for wind power development in Lithuania}},
	Year = {2011}}

@article{Marciukaitis2010,
	Abstract = {Planuojama, kad 2010 m. v{\.e}jo elektrini{\k u} park{\k u} bendra {\k \i}rengtoji galia Lietuvoje pasieks 200 MW. Did\v{z}iausi{\k a} dal{\k \i} v{\.e}jo elektrini{\k u} park{\k u} numatoma {\k \i}rengti Lietuvos paj{\=u}ryje, kur v{\.e}jo i\v{s}tekliai yra did\v{z}iausi. Iki \v{s}iol v{\.e}jo energijos i\v{s}tekliai Lietuvoje buvo vertinami pagal atliktus pavienius v{\.e}jo grei\v{c}io matavimus bei meteorologijos sto\v{c}i{\k u} duomenis. Lietuvoje spar\v{c}iai populiar{\.e}jant v{\.e}jo energetikai, reikalingi sistemingi fundamentiniai v{\.e}jo energijos i\v{s}tekli{\k u} kaitos tyrimai, ypa\v{c} paj{\=u}rio regione, kur numatyta {\k \i}rengti daugiausia v{\.e}jo elektrini{\k u} park{\k u}. \v{S}iame darbe atlikta v{\.e}jo grei\v{c}io ir krypties matavimo 2001--2002 m. duomen{\k u} Giruliuose, prie Kretingos, Vilky\v{c}i{\k u} ir Taurag{\.e}s statistin{\.e} analiz{\.e}, i\v{s}analizuoti \v{s}i{\k u} parametr{\k u} kitimo d{\.e}sningumai bei nustatytas v{\.e}jo grei\v{c}io pasiskirstymas Lietuvos paj{\=u}rio regione. Nustatyta, kad {\k \i}vairiose Lietuvos paj{\=u}rio regio- no vietov{\.e}se v{\.e}jo j{\.e}gaini{\k u} v{\.e}jara\v{c}io auk\v{s}tyje v{\.e}jingumo s{\k a}lygos yra pana\v{s}ios, o v{\.e}jo parametr{\k u} kitimo d{\.e}sningumus labiausiai lemia atstumas nuo j{\=u}ros ir paj{\=u}rio topografija. D{\.e}l pakrant{\.e}s topografijos poveikio vidutinis nuo j{\=u}ros pu\v{c}ian\v{c}io v{\.e}jo greitis 100 m auk\v{s}tyje 20 km atstumu nuo pakrant{\.e}s suma\v{z}{\.e}ja apie 22 \%, lyginant su v{\.e}jo grei\v{c}iu ties j{\=u}ros pakrante. Rakta\v{z}od\v{z}iai: atsinaujinantieji energijos i\v{s}tekliai, v{\.e}jo energija, v{\.e}jo j{\.e}gain{\.e}s},
	Author = {Mar\v{c}iukaitis, Mantas and Erlickyt{\.e}-Mar\v{c}iukaitien{\.e}, Regina and Tumosa, Algis},
	File = {:Users/jonassekamane/Dropbox/Economics/Courses/E12/BA2/Articles/Lithuania/marciukaitis\_erlickyte-marciukaitiene\_tumosa.pdf:pdf},
	Journal = {Energetika},
	Number = {1},
	Pages = {27--34},
	Title = {{V{\.e}jo grei\v{c}io kitimo d{\.e}sningum{\k u} Lietuvos paj{\=u}rio regione tyrimas}},
	Volume = {55},
	Year = {2009}}

@article{Marciukaitis2008,
	Abstract = {Wind power is not widely used in Lithuania yet. Currently only few small-scale wind turbines with total capacity of 0.995MW are operating. However, Lithuania is planning to install wind power plants with total capacity of 200MW by the year 2010. In this paper, wind energy resource assessment experience as well as current situation and future prospective of wind energy usage in Lithuania are reviewed. Main features of Lithuanian electrical system are presented and issues related to wind energy integration in electrical networks are discussed. The aim of this work is to point up the importance of wind power prediction in Lithuania. Thus a short review of wind power prediction methods is presented which has shown that selection of most suitable prediction models for Lithuanian conditions requires detailed research. r 2006 Elsevier Ltd. All rights reserved.},
	Author = {Marciukaitis, Mantas and Katinas, Vladislovas and Kavaliauskas, Andrius},
	Doi = {10.1016/j.rser.2006.05.012},
	File = {:Users/jonassekamane/Dropbox/Economics/Courses/E12/BA2/Articles/Lithuania/marciukaitis\_katinas\_kavaliauskas.pdf:pdf},
	Issn = {13640321},
	Journal = {Renewable and Sustainable Energy Reviews},
	Keywords = {Electricity,Numerical weather prediction,Wind energy,Wind power prediction},
	Month = jan,
	Number = {1},
	Pages = {265--277},
	Title = {{Wind power usage and prediction prospects in Lithuania}},
	Url = {http://linkinghub.elsevier.com/retrieve/pii/S1364032106000748},
	Volume = {12},
	Year = {2008},
	Bdsk-Url-1 = {http://linkinghub.elsevier.com/retrieve/pii/S1364032106000748},
	Bdsk-Url-2 = {http://dx.doi.org/10.1016/j.rser.2006.05.012}}

@misc{MinistryofEnergyoftheRepublicofLithuania2012,
	Author = {{Ministry of Energy of the Republic of Lithuania}},
	File = {:Users/jonassekamane/Dropbox/Economics/Courses/E12/BA2/Articles/Lithuania/Visagino atomin{\.e} elektrin{\.e}.url:url},
	Title = {{Visagino atomin{\.e} elektrin{\.e}}},
	Url = {http://www.enmin.lt/lt/activity/veiklos\_kryptys/strateginiai\_projektai/vae.php?clear\_cache=Y},
	Year = {2012},
	Bdsk-Url-1 = {http://www.enmin.lt/lt/activity/veiklos%5C_kryptys/strateginiai%5C_projektai/vae.php?clear%5C_cache=Y}}

@article{Miskinis2011,
	Author = {Miskinis, Vaclovas and Norvaisa, Egidijus and Galinis, Arvydas and Konstantinaviciute, Inga},
	Doi = {10.1016/j.enpol.2011.05.022},
	File = {:Users/jonassekamane/Dropbox/Economics/Courses/E12/BA2/Articles/Lithuania/miskinis\_norvaisa\_galinis\_konstantinaviciute.pdf:pdf},
	Issn = {03014215},
	Journal = {Energy Policy},
	Keywords = {distributed energy resources,distributed generation,lithuanian energy policy},
	Month = aug,
	Number = {8},
	Pages = {4656--4663},
	Title = {{Trends of distributed generation development in Lithuania}},
	Url = {http://linkinghub.elsevier.com/retrieve/pii/S0301421511003946},
	Volume = {39},
	Year = {2011},
	Bdsk-Url-1 = {http://linkinghub.elsevier.com/retrieve/pii/S0301421511003946},
	Bdsk-Url-2 = {http://dx.doi.org/10.1016/j.enpol.2011.05.022}}

@article{Mitchell2006,
	Author = {Mitchell, C. and Bauknecht, D. and Connor, P.M.},
	Doi = {10.1016/j.enpol.2004.08.004},
	File = {:Users/jonassekamane/Dropbox/Economics/Courses/E12/BA2/Articles/mitchell\_bauknecht\_connor.pdf:pdf},
	Isbn = {4402476524985},
	Issn = {03014215},
	Journal = {Energy Policy},
	Keywords = {delivery,renewables,risk},
	Month = feb,
	Number = {3},
	Pages = {297--305},
	Title = {{Effectiveness through risk reduction: a comparison of the renewable obligation in England and Wales and the feed-in system in Germany}},
	Url = {http://linkinghub.elsevier.com/retrieve/pii/S0301421504002411},
	Volume = {34},
	Year = {2006},
	Bdsk-Url-1 = {http://linkinghub.elsevier.com/retrieve/pii/S0301421504002411},
	Bdsk-Url-2 = {http://dx.doi.org/10.1016/j.enpol.2004.08.004}}

@article{Mitchell2000,
	Author = {Mitchell, Catherine},
	File = {:Users/jonassekamane/Dropbox/Economics/Courses/E12/BA2/Articles/UK/mitchell.pdf:pdf},
	Journal = {Annual review of energy and the environment},
	Keywords = {The first phase of promoting renewable energy in Europe is coming to an end. The timetable of the European Commission's Single Electricity Market (SEM) Directive has been the key recent driver of change within European energy and electricity markets. As mainland European countries have been forced to restructure their electricity industries and reappraise their renewable energy policies,consolidation,deployment,regulation,so these have influenced those of the United Kingdom. Renewable energy policies throughout Europe are converging. This paper analyzes the history behind these changes and underlines the lessons to be learned.,sustainable energy,the United Kingdom is in the process of creating a new policy. As new renewable energy policies have been discussed or put in place in mainland European countries,they have been impressed by the results of the England and Wales Renewable Non-Fossil Fuel Obligation (NFFO). The NFFO is a mechanism for promoting renewable energy that has a competitive basis. However},
	Mendeley-Tags = {The first phase of promoting renewable energy in Europe is coming to an end. The timetable of the European Commission's Single Electricity Market (SEM) Directive has been the key recent driver of change within European energy and electricity markets. As mainland European countries have been forced to restructure their electricity industries and reappraise their renewable energy policies,so these have influenced those of the United Kingdom. Renewable energy policies throughout Europe are converging. This paper analyzes the history behind these changes and underlines the lessons to be learned.,the United Kingdom is in the process of creating a new policy. As new renewable energy policies have been discussed or put in place in mainland European countries,they have been impressed by the results of the England and Wales Renewable Non-Fossil Fuel Obligation (NFFO). The NFFO is a mechanism for promoting renewable energy that has a competitive basis. However},
	Pages = {285--312},
	Title = {{The England and Wales non-fossil fuel obligation: history and lessons}},
	Url = {http://www.annualreviews.org/doi/abs/10.1146/annurev.energy.25.1.285},
	Volume = {35},
	Year = {2000},
	Bdsk-Url-1 = {http://www.annualreviews.org/doi/abs/10.1146/annurev.energy.25.1.285}}

@article{Mitchell2004,
	Author = {Mitchell, Catherine and Connor, Peter},
	Doi = {10.1016/j.enpol.2004.03.016},
	File = {:Users/jonassekamane/Dropbox/Economics/Courses/E12/BA2/Articles/UK/mitchell\_connor.pdf:pdf},
	Issn = {03014215},
	Journal = {Energy Policy},
	Keywords = {innovation,learning,renewables obligation},
	Month = nov,
	Number = {17},
	Pages = {1935--1947},
	Title = {{Renewable energy policy in the UK 1990--2003}},
	Url = {http://linkinghub.elsevier.com/retrieve/pii/S0301421504000710},
	Volume = {32},
	Year = {2004},
	Bdsk-Url-1 = {http://linkinghub.elsevier.com/retrieve/pii/S0301421504000710},
	Bdsk-Url-2 = {http://dx.doi.org/10.1016/j.enpol.2004.03.016}}

@misc{NationalControlCommissionforPricesandEnergy2011,
	Author = {{National Control Commission for Prices and Energy}},
	File = {:Users/jonassekamane/Dropbox/Economics/Courses/E12/BA2/Articles/\_Laws/Auction.DOCX:DOCX},
	Pages = {1--11},
	Title = {{Nutarimas d{\.e}l skatinimo kvot{\k u} paskirstymo aukcion{\k u} nuostat{\k u} patvirtinimo}},
	Year = {2011}}

@misc{NationalControlCommissionforPricesandEnergy2011a,
	Author = {{National Control Commission for Prices and Energy}},
	File = {:Users/jonassekamane/Dropbox/Economics/Courses/E12/BA2/Articles/\_Laws/FIT.doc:doc},
	Pages = {1--12},
	Title = {{D{\.e}l elektros energijos, pagamintos naudojant atsinaujinan\v{c}ius energijos i\v{s}teklius, tarif{\k u} nustatymo metodikos patvirtinimo}},
	Year = {2011}}

@misc{Kontrol2006,
	Author = {{National Control Commission for Prices and Energy}},
	File = {:Users/jonassekamane/Dropbox/Economics/Courses/E12/BA2/Data/NCC/Ataskaita EK uz 2005 metus.pdf:pdf},
	Pages = {1--79},
	Title = {{Lietuvos elektros energijos ir gamtini{\k u} duj{\k u} rink{\k u} metin{\.e} ataskaita europos komisijai}},
	Year = {2006}}

@techreport{Lietuvos2009,
	Author = {{National Control Commission for Prices and Energy}},
	File = {:Users/jonassekamane/Dropbox/Economics/Courses/E12/BA2/Articles/Lithuania/monitoringo\_ataskaita\_2009.pdf:pdf},
	Pages = {1--7},
	Title = {{Elektros energijos rinka 2009 m.}},
	Year = {2009}}

@misc{Non-FossilPurchasingAgency2007,
	Author = {{Non-Fossil Purchasing Agency}},
	File = {:Users/jonassekamane/Dropbox/Economics/Courses/E12/BA2/Data/NFPA/nfpa\_average-NFFO-prices.txt:txt},
	Title = {{Average NFFO auction prices}},
	Url = {http://www.nfpa.co.uk/index.cfm?pid=33},
	Year = {2007},
	Bdsk-Url-1 = {http://www.nfpa.co.uk/index.cfm?pid=33}}

@misc{Non-FossilPurchasingAgency2012,
	Author = {{Non-Fossil Purchasing Agency}},
	File = {:Users/jonassekamane/Dropbox/Economics/Courses/E12/BA2/Data/NFPA/eroc\_roc-auction-prices.txt:txt},
	Title = {{Track Record / ROC Auction prices}},
	Url = {http://www.e-roc.co.uk/trackrecord.htm},
	Urldate = {24. October 2012},
	Year = {2012},
	Bdsk-Url-1 = {http://www.e-roc.co.uk/trackrecord.htm}}

@article{OfficeforNationalStatistics,
	Author = {{Office for National Statistics}},
	Title = {{Consumer Price Indices - RPI indices 1987 to 2012: Jan 1987=100 (MM23)}}}

@techreport{Reform2008,
	Author = {Ofgem},
	File = {:Users/jonassekamane/Dropbox/Economics/Courses/E12/BA2/Data/ofgem/Annual report 2006-07.pdf:pdf},
	Number = {March},
	Pages = {1--91},
	Title = {{Renewables Obligation : Annual report 2006-2007}},
	Year = {2008}}

@techreport{Change2011,
	Author = {Ofgem},
	File = {:Users/jonassekamane/Dropbox/Economics/Courses/E12/BA2/Articles/UK/FITs Annual Report 2010 2011.pdf:pdf},
	Institution = {Ofgem},
	Isbn = {2010033117215},
	Pages = {1--43},
	Title = {{Feed-in Tariff ( FIT ): Annual report 2010 - 2011}},
	Year = {2011}}

@techreport{Report2010,
	Author = {Ofgem},
	File = {:Users/jonassekamane/Dropbox/Economics/Courses/E12/BA2/Data/ofgem/Renewables Obligation Annual Report 2010-11.pdf:pdf},
	Pages = {1--70},
	Title = {{Renewables Obligation Annual Report 2010-11}},
	Year = {2012}}

@techreport{Ofgem1998,
	Author = {Ofgem},
	File = {:Users/jonassekamane/Dropbox/Economics/Courses/E12/BA2/Articles/UK/Fifth Renewable Order for England and Wales 30 09.pdf:pdf},
	Number = {September},
	Title = {{Fifth Renewables Order for Englang And Wales}},
	Url = {http://www.ofgem.gov.uk/Sustainability/ad/Documents1/Fifth Renewable Order for England and Wales 30 09.pdf},
	Year = {1998},
	Bdsk-Url-1 = {http://www.ofgem.gov.uk/Sustainability/ad/Documents1/Fifth%20Renewable%20Order%20for%20England%20and%20Wales%2030%2009.pdf}}

@techreport{Ofgem2004,
	Author = {Ofgem},
	File = {:Users/jonassekamane/Dropbox/Economics/Courses/E12/BA2/Data/ofgem/6193-renewables\_obligation.pdf:pdf},
	Number = {February},
	Pages = {1--65},
	Title = {{The Renewables Obligation Ofgem's first annual report}},
	Year = {2004}}

@unpublished{Fhg-isi2003,
	Author = {Ragwitz, Mario (FhG-ISI) and Huber, Claus (EEG) and Resch, Gustav (EEG) and White, Sara (IT Power)},
	File = {:Users/jonassekamane/Dropbox/Economics/Courses/E12/BA2/Articles/WP1 - Dynamic cost-resource curves (Green-X)(final draft 09-2003).pdf:pdf},
	Institution = {Green X},
	Number = {August},
	Pages = {1--174},
	Title = {{Deriving Optimal Promotion Strategies for Increasing the Share of RES-E in a Dynamic European Electricity Market}},
	Year = {2003}}

@techreport{Rathmann2003,
	Abstract = {In the frame of the Regional Baltic Wind Energy Programme, sponsored by the Global Environment Facility through the UNDP, a publicly available wind resource database for the wind-energy relevant areas of the Baltic Countries has been established. A 2-year measure- ment campaign has been performed based on 7 stations in the coastal area: the 3 Lithuanian sites Kretinga, Vilkyciai and Taurage; the Latvian site S\"{a}rnate; and the 3 Estonian sites Prangli, Virtsu and Uulu. In addition, private data measured at the Estonian site T\"{u}risalu was made available to the project. Although the campaign was running for about two years it was only possible to get one full one- year data series for each site with start time ranging from primo May 2001 to primo October 2001. The measured data have been analysed according to the ``Wind Atlas Method'', implying cleansing the wind data for nearby terrain effects, and resulting in regional wind climates or Wind Atlases referring to a number of standard conditions. To the extent possible measures have been taken to make the regional wind climates represent long-term wind statistics (> 10 year). This was done by using correlation techniques based on reference data from met-institute stations with long-term records as well as data for the short-term measurement period of the present campaign. Similarly, inter-comparison techniques were used to adjust for data fall-out for longer unbroken periods. The data from this project have been supplemented by in-land data from measuring stations of the three national meteorological institutes. All relevant data files regarding the 8 stations of the project will be available from the wind atlas web of Ris\o National Laboratory: www.windatlas.dk - with the exception of the private data measured at T\"{u}risalu.},
	Author = {Rathmann, Ole (Ris\o)},
	File = {:Users/jonassekamane/Dropbox/Economics/Courses/E12/BA2/Articles/Lithuania/ris\o\_r\_1402.pdf.pdf:pdf},
	Institution = {Ris\o National Laboratory},
	Isbn = {8755032044},
	Keywords = {COASTAL REGIONS,ESTONIA,LATVIA,LITHUANIA,MAPPING,RESOURCE ASSESSMENT,WIND},
	Number = {November},
	Pages = {1--36},
	Title = {{The UNDP / GEF Baltic Wind Atlas}},
	Volume = {1402},
	Year = {2003}}

@inproceedings{Paper2004,
	Author = {Sawin, Janet L (Worldwatch Institute)},
	Booktitle = {International Conference for Renewable Energies, Bonn},
	File = {:Users/jonassekamane/Dropbox/Economics/Courses/E12/BA2/Articles/Sawin.pdf:pdf},
	Number = {January},
	Pages = {1--52},
	Title = {{Policy Lessons for the Advancement \& Diffusion of Renewable Energy Technogies Around the World}},
	Year = {2004}}

@techreport{Balances2006,
	Author = {{Statistics Lithuania}},
	File = {:Users/jonassekamane/Dropbox/Economics/Courses/E12/BA2/Data/Statistics Lithuania/Energy\_balances\_2001-2005\_\_464.pdf:pdf},
	Institution = {Statistics Lithuania},
	Pages = {1--112},
	Title = {{Vilnius 2006}},
	Year = {2006}}

@techreport{Balance2012,
	Author = {{Statistics Lithuania}},
	File = {:Users/jonassekamane/Dropbox/Economics/Courses/E12/BA2/Data/Statistics Lithuania/Energy\_Balance\_\_2011\_2099.pdf:pdf},
	Institution = {Statistics Lithuania},
	Pages = {1--53},
	Title = {{Energy Balance 2011}},
	Year = {2012}}

@misc{StatistischesBundesamt2012,
	Author = {{Statistisches Bundesamt}},
	Title = {{WZ08-47 Einzelhandel (ohne Handel mit Kraftfahrzeugen):}},
	Year = {2012}}

@article{Streimikiene2005,
	Author = {Streimikiene, Dalia and Burneikis, Juozas and Punys, Petras},
	Doi = {10.1016/j.rser.2004.01.013},
	File = {:Users/jonassekamane/Dropbox/Economics/Courses/E12/BA2/Articles/Lithuania/Streimikiene\_burneikis\_punys.pdf:pdf},
	Issn = {13640321},
	Journal = {Renewable and Sustainable Energy Reviews},
	Keywords = {measures to enhance use,of renewables,renewable energy source},
	Month = feb,
	Number = {1},
	Pages = {29--49},
	Title = {{Review of renewable energy use in Lithuania}},
	Url = {http://linkinghub.elsevier.com/retrieve/pii/S136403210400036X},
	Volume = {9},
	Year = {2005},
	Bdsk-Url-1 = {http://linkinghub.elsevier.com/retrieve/pii/S136403210400036X},
	Bdsk-Url-2 = {http://dx.doi.org/10.1016/j.rser.2004.01.013}}

@article{Streimikiene2008,
	Author = {Streimikiene, Dalia and Ciegis, Remigijus and Grundey, Dainora},
	Doi = {10.1016/j.rser.2006.10.002},
	File = {:Users/jonassekamane/Dropbox/Economics/Courses/E12/BA2/Articles/Lithuania/streimikiene\_ciegis\_grundey.pdf:pdf},
	Issn = {13640321},
	Journal = {Renewable and Sustainable Energy Reviews},
	Keywords = {efficiency,energy efficiency,measures to promote energy},
	Month = apr,
	Number = {3},
	Pages = {772--789},
	Title = {{Promotion of energy efficiency in Lithuania}},
	Url = {http://linkinghub.elsevier.com/retrieve/pii/S1364032106001262},
	Volume = {12},
	Year = {2008},
	Bdsk-Url-1 = {http://linkinghub.elsevier.com/retrieve/pii/S1364032106001262},
	Bdsk-Url-2 = {http://dx.doi.org/10.1016/j.rser.2006.10.002}}

@article{Streimikiene2007,
	Author = {Streimikiene, Dalia and Klevas, Valentinas},
	Doi = {10.1016/j.rser.2005.03.004},
	File = {:Users/jonassekamane/Dropbox/Economics/Courses/E12/BA2/Articles/Lithuania/streimikiene\_klevas.pdf:pdf},
	Issn = {13640321},
	Journal = {Renewable and Sustainable Energy Reviews},
	Keywords = {energy,enhance use of renewable,policies and measures to,promotion of renewable energy,sources},
	Month = may,
	Number = {4},
	Pages = {672--687},
	Title = {{Promotion of renewable energy in Baltic States}},
	Url = {http://linkinghub.elsevier.com/retrieve/pii/S1364032105000535},
	Volume = {11},
	Year = {2007},
	Bdsk-Url-1 = {http://linkinghub.elsevier.com/retrieve/pii/S1364032105000535},
	Bdsk-Url-2 = {http://dx.doi.org/10.1016/j.rser.2005.03.004}}

@misc{TheCentralElectoralCommissionoftheRepublicofLithuania2012,
	Author = {{The Central Electoral Commission of the Republic of Lithuania}},
	File = {:Users/jonassekamane/Dropbox/Economics/Courses/E12/BA2/Articles/Lithuania/Referendum.url:url},
	Month = jul,
	Number = {60},
	Title = {{Election to the Seimas and the Referendum on the Construction of a New Nuclear Power Plant in the Republic of Lithuania}},
	Url = {http://www.vrk.lt/2012\_seimo\_rinkimai/output\_en/referendumas/referendumas.html},
	Volume = {15},
	Year = {2012},
	Bdsk-Url-1 = {http://www.vrk.lt/2012%5C_seimo%5C_rinkimai/output%5C_en/referendumas/referendumas.html}}

@misc{TheInstituteforFiscalStudies2012,
	Author = {{The Institute for Fiscal Studies}},
	File = {:Users/jonassekamane/Dropbox/Economics/Courses/E12/BA2/Data/The Institute for Fiscal Studies/climate.txt:txt},
	Title = {{Rates of climate change levy since its introduction}},
	Url = {http://www.ifs.org.uk/fiscalFacts/taxTables},
	Urldate = {24. October 2012},
	Year = {2012},
	Bdsk-Url-1 = {http://www.ifs.org.uk/fiscalFacts/taxTables}}

@article{Weitzel2012,
	Author = {Weitzel, Matthias},
	Doi = {10.1016/j.enpol.2012.02.015},
	File = {:Users/jonassekamane/Dropbox/Economics/Courses/E12/BA2/Articles/Germany/weitzel.pdf:pdf},
	Issn = {03014215},
	Journal = {Energy Policy},
	Month = may,
	Pages = {485--486},
	Title = {{Comment on ``Comparing the feed-in tariff incentives for renewable electricity in Ontario and Germany'' by Mabee, Mannion, and Carpenter}},
	Url = {http://linkinghub.elsevier.com/retrieve/pii/S0301421512001310},
	Volume = {44},
	Year = {2012},
	Bdsk-Url-1 = {http://linkinghub.elsevier.com/retrieve/pii/S0301421512001310},
	Bdsk-Url-2 = {http://dx.doi.org/10.1016/j.enpol.2012.02.015}}

@article{Wood2011,
	Author = {Wood, Geoffrey and Dow, Stephen},
	Doi = {10.1016/j.enpol.2010.11.012},
	File = {:Users/jonassekamane/Dropbox/Economics/Courses/E12/BA2/Articles/UK/wood\_dow.pdf:pdf},
	Issn = {03014215},
	Journal = {Energy Policy},
	Month = may,
	Number = {5},
	Pages = {2228--2244},
	Title = {{What lessons have been learned in reforming the Renewables Obligation? An analysis of internal and external failures in UK renewable energy policy}},
	Url = {http://linkinghub.elsevier.com/retrieve/pii/S0301421510008360},
	Volume = {39},
	Year = {2011},
	Bdsk-Url-1 = {http://linkinghub.elsevier.com/retrieve/pii/S0301421510008360},
	Bdsk-Url-2 = {http://dx.doi.org/10.1016/j.enpol.2010.11.012}}
